<?xml version="1.0" encoding="UTF-8"?><collection xmlns="http://www.loc.gov/MARC21/slim"><record><leader>00488nam--2200157-i-4500</leader><controlfield tag="001">000039716</controlfield><controlfield tag="002">20161230</controlfield><controlfield tag="005">20170127200105</controlfield><controlfield tag="008">060222s1000------------r-----000-0-eng-d</controlfield><datafield ind1=" " ind2=" " tag="080"><subfield code="a">517.982.272(043)</subfield></datafield><datafield ind1=" " ind2=" " tag="100"><subfield code="a">Roth, Jean-Pierre</subfield></datafield><datafield ind1=" " ind2=" " tag="245"><subfield code="a">1-ere these: `operateurs dissipatifs et semi-groupes dans les espaces de fonctions continues`</subfield><subfield code="b">these</subfield></datafield><datafield ind1=" " ind2=" " tag="260"><subfield code="a">Paris</subfield><subfield code="b">Orsay, Univ.Paris XI, Centre D`Orsay</subfield><subfield code="c">1975</subfield></datafield><datafield ind1=" " ind2=" " tag="300"><subfield code="a">100 p</subfield></datafield><datafield ind1=" " ind2=" " tag="852"><subfield code="a">44141</subfield><subfield code="c">517.9</subfield></datafield><datafield ind1=" " ind2=" " tag="CAT"><subfield code="a">SYS</subfield><subfield code="c">20170127</subfield><subfield code="h">200105</subfield></datafield></record></collection>